
@book{baraybar2011cuadro,
	title={El Cuadro de Mando Integral {\guillemotleft}Balanced Scorecard{\guillemotright}},
	author={Baraybar, Francisco Amo},
	year={2011},
	publisher={ESIC Editorial}
}


@article{fernandez2001balanced,
	title={El Balanced Scorecard},
	author={Fern{\'a}ndez, Alberto},
	journal={Revista de antiguos alumnos del IESE},
	volume={81},
	year={2001}
}

@article{osterwalder2014canvas,
	title={Canvas de modelo de negocios (lienzo de modelo de negocios) bmc (business model canvas)},
	author={Osterwalder, Alexander},
	journal={Innovacion. cr, nd},
	year={2014}
}

@article{herrera2015modelo,
	title={El modelo Canvas en la formulaci{\'o}n de proyectos},
	author={Herrera, Diana Carolina Ferreira},
	journal={Cooperativismo \& Desarrollo},
	volume={23},
	number={107},
	pages={118--142},
	year={2015},
	publisher={Universidad Cooperativa de Colombia (UCC), Bogot{\'a}}
}

@article{vazquez2016balanced,
	title={Balanced scorecard para emprendedores: desde el modelo canvas al cuadro de mando integral},
	author={V{\'a}zquez, Jos{\'e} Manuel S{\'a}nchez and Elorza, Mar{\'\i}a Luisa V{\'e}lez and Pinz{\'o}n, Pedro Ara{\'u}jo},
	journal={Revista Facultad de Ciencias Econ{\'o}micas: Investigaci{\'o}n y Reflexi{\'o}n},
	volume={24},
	number={1},
	pages={2},
	year={2016},
	publisher={Universidad Militar Nueva Granada}
}